\chapter*{Conclusion}

\pagestyle{plain}

\addcontentsline{toc}{chapter}{Conclusion}

Text of the conclusion\ldots{}
\begin{thebibliography}{1}
\bibitem{Allen-Cahn}S. Allen, J. W. Cahn: \emph{A microscopic theory
for antiphase boundary motion and its application to antiphase domain
coarsening}. Acta Metall., 27:1084-1095, 1979.

\bibitem{CINECA}G. Ballabio et al.: \emph{High Performance Systems
User Guide}. High Performance Systems Department, CINECA, Bologna,
2005. \url{www.cineca.it}

\bibitem{rumpf3}J. Becker, T. Preusser, M. Rumpf: \emph{PDE methods
in flow simulation post processing}. Computing and Visualization in
Science, 3(3):159-167, 2000.

@book{-et-al-2016,
    title={Deep Learning},
    author={Ian Goodfellow and Yoshua Bengio and Aaron Courville},
    publisher={MIT Press},
    note={\url{http://www.deeplearningbook.org}},
    year={2016}
}
searching for activation functions
\end{thebibliography}

@inbook{Goodfellow-conv,
    title={Deep Learning},
    author={Ian Goodfellow and Yoshua Bengio and Aaron Courville},
    publisher={MIT Press},
    note={\url{http://www.deeplearningbook.org}},
    year={2016}
  chapter={7, 14}
}